<record><leader>00000cas a22000007a 4500</leader><controlfield tag="001">12060305</controlfield><controlfield tag="008">850521d18831940njuwr ne      0    0eng d</controlfield><datafield ind1=" " ind2=" " tag="010"><subfield code="a">sn 85035615 </subfield></datafield><datafield ind1=" " ind2=" " tag="040"><subfield code="a">NPA</subfield><subfield code="b">eng</subfield><subfield code="c">NPA</subfield><subfield code="d">NJW</subfield><subfield code="d">OCLCQ</subfield></datafield><datafield ind1=" " ind2=" " tag="042"><subfield code="a">msc</subfield></datafield><datafield ind1="0" ind2="4" tag="245"><subfield code="a">The Sussex independent.</subfield></datafield><datafield ind1=" " ind2=" " tag="260"><subfield code="a">Deckertown [i.e. Sussex], N.J. :</subfield><subfield code="b">Independent Print. Co.,</subfield><subfield code="c">1883-1940.</subfield></datafield><datafield ind1=" " ind2=" " tag="300"><subfield code="a">v. :</subfield><subfield code="b">ill.</subfield></datafield><datafield ind1=" " ind2=" " tag="310"><subfield code="a">Weekly</subfield></datafield><datafield ind1="0" ind2=" " tag="362"><subfield code="a">Vol. 14, no. 7 (June 15, 1883)-v. 67, no. 2 (Apr. 10, 1936); 67th yr., no. 3 (Apr. 17, 1936)-71st yr., no. 39 (Dec. 26, 1940).</subfield></datafield><datafield ind1=" " ind2=" " tag="752"><subfield code="a">United States</subfield><subfield code="b">New Jersey</subfield><subfield code="c">Sussex</subfield><subfield code="d">Sussex.</subfield></datafield><datafield ind1=" " ind2=" " tag="752"><subfield code="a">United States</subfield><subfield code="b">New Jersey</subfield><subfield code="c">Sussex</subfield><subfield code="d">Deckertown.</subfield></datafield><datafield ind1="0" ind2="0" tag="780"><subfield code="t">Sussex County independent (1870)</subfield><subfield code="w">(DLC)sn 83032285</subfield><subfield code="w">(OCoLC)10236872</subfield></datafield><datafield ind1="0" ind2="0" tag="785"><subfield code="t">Sussex County independent (1941)</subfield><subfield code="w">(DLC)sn 85035616</subfield><subfield code="w">(OCoLC)12060315</subfield></datafield></record>